%# -*- coding: utf-8-unix -*-

@misc{renren,
  title = {南京航空航天大学毕业设计论文LaTeX 模板 v0.3/130604},
  howpublished = { \url{http://blog.renren.com/share/546499630/17959595570?from=0101010202\&ref=timelinefeed\&sfet=102\&fin=0\&fid=27825118585\&ff\_id=546499630\&platform=6\&expose\_time=1489401101}},
  note = {Accessed: 2013-05-18},
  author = {黄老宁}
}
@TechReport{SJTUThesis,
  title =        {上海交通大学学位论文LATEX模板},
  author =       {Wei Jianwen},
  year =         2016,
  url =          {https://github.com/weijianwen/SJTUThesis}
}
